<record><leader>00000cas a2200000 a 4500</leader><controlfield tag="001">17165887</controlfield><controlfield tag="008">871203d188u1898iludn ne      0   a0eng c</controlfield><datafield ind1=" " ind2=" " tag="010"><subfield code="a">sn 87056735 </subfield></datafield><datafield ind1=" " ind2=" " tag="040"><subfield code="a">NPI</subfield><subfield code="b">eng</subfield><subfield code="c">NPI</subfield><subfield code="d">NVF</subfield><subfield code="d">CVF</subfield><subfield code="d">OCLCQ</subfield><subfield code="d">CVF</subfield><subfield code="d">NVF</subfield><subfield code="d">OCLCF</subfield><subfield code="d">OCLCO</subfield><subfield code="d">NVF</subfield></datafield><datafield ind1=" " ind2=" " tag="042"><subfield code="a">pcc</subfield></datafield><datafield ind1=" " ind2=" " tag="043"><subfield code="a">n-us-il</subfield></datafield><datafield ind1="0" ind2="4" tag="245"><subfield code="a">The Ottawa daily journal.</subfield></datafield><datafield ind1="1" ind2=" " tag="246"><subfield code="i">Published as:</subfield><subfield code="a">Ottawa journal</subfield><subfield code="f">Dec. 17-19, 1891, and Dec. 31, 1891</subfield></datafield><datafield ind1="1" ind2=" " tag="246"><subfield code="i">Published on Sundays as:</subfield><subfield code="a">Ottawa Sunday journal</subfield><subfield code="f">&lt;Jan. 9, 1887-Dec. 19, 1897&gt;</subfield></datafield><datafield ind1=" " ind2=" " tag="260"><subfield code="a">Ottawa, Ill. :</subfield><subfield code="b">J.F. Kendig &amp; Co.</subfield></datafield><datafield ind1=" " ind2=" " tag="310"><subfield code="a">Daily (except Saturday)</subfield></datafield><datafield ind1="0" ind2=" " tag="362"><subfield code="a">-18th year, no. 5,799 (Jan. 21, 1898).</subfield></datafield><datafield ind1=" " ind2=" " tag="580"><subfield code="a">Other daily eds.: Twin City daily journal, &lt;1887&gt;-1891, and: Twin City journal, 1891-&lt;1894&gt;.</subfield></datafield><datafield ind1=" " ind2=" " tag="580"><subfield code="a">Weekly eds.: Ottawa journal (Ottawa, Ill. : Weekly), &lt;1891&gt;-1892, and: La Salle County journal, 1892-1898.</subfield></datafield><datafield ind1=" " ind2=" " tag="588"><subfield code="a">Description based on: 7th year, no. 342 (Jan. 3, 1887).</subfield></datafield><datafield ind1=" " ind2="0" tag="651"><subfield code="a">Ottawa (Ill.)</subfield><subfield code="v">Newspapers.</subfield></datafield><datafield ind1=" " ind2="7" tag="651"><subfield code="a">Illinois</subfield><subfield code="z">Ottawa.</subfield><subfield code="2">fast</subfield><subfield code="0">(OCoLC)fst01226738</subfield></datafield><datafield ind1=" " ind2="7" tag="655"><subfield code="a">Newspapers.</subfield><subfield code="2">fast</subfield><subfield code="0">(OCoLC)fst01423814</subfield></datafield><datafield ind1=" " ind2=" " tag="752"><subfield code="a">United States</subfield><subfield code="b">Illinois</subfield><subfield code="c">La Salle County</subfield><subfield code="d">Ottawa.</subfield></datafield><datafield ind1="1" ind2=" " tag="775"><subfield code="t">Twin City daily journal</subfield><subfield code="w">(DLC)sn 92053184</subfield><subfield code="w">(OCoLC)25756624</subfield></datafield><datafield ind1="1" ind2=" " tag="775"><subfield code="t">Twin City journal</subfield><subfield code="w">(DLC)sn 92053185</subfield><subfield code="w">(OCoLC)25756707</subfield></datafield><datafield ind1="1" ind2=" " tag="775"><subfield code="t">Ottawa journal (Ottawa, Ill. : Weekly)</subfield><subfield code="w">(DLC)sn 92053189</subfield><subfield code="w">(OCoLC)25756513</subfield></datafield><datafield ind1="1" ind2=" " tag="775"><subfield code="t">La Salle County journal</subfield><subfield code="w">(DLC)sn 92053190</subfield><subfield code="w">(OCoLC)25756824</subfield></datafield><datafield ind1="0" ind2="0" tag="780"><subfield code="t">Ottawa journal (Ottawa, Ill. : Daily)</subfield><subfield code="w">(DLC)sn 92053187</subfield><subfield code="w">(OCoLC)25757263</subfield></datafield><datafield ind1="0" ind2="0" tag="785"><subfield code="t">Daily journal (Ottawa, Ill.)</subfield><subfield code="w">(DLC)sn 92053188</subfield><subfield code="w">(OCoLC)25758284</subfield></datafield><datafield ind1="1" ind2=" " tag="029"><subfield code="a">AU@</subfield><subfield code="b">000028585137</subfield></datafield></record>